@online{gitbranching,
    title = {{LearnGitBranching}},
    year = {2025},
    urldate = {2025-06-20},
    url = {https://learngitbranching.js.org/}
}

@online{gitimmersion,
    title = {{Git Immersion}},
    year = {2025},
    urldate = {2025-06-20},
    url = {https://gitimmersion.com/index.html}
}

@online{udemygitbootcamp,
    title = {{The Git \& Github Bootcamp}},
    year = {2024},
    urldate = {2024-06-24},
    url = {https://www.udemy.com/course/git-and-github-bootcamp/}
}

@manual{png_spec,
    title = {{PNG 1.2 specification document}},
    year = {1999},
    urldate = {2024-05-16},
    url = {http://www.libpng.org/pub/png/spec/1.2/PNG-Introduction.html},
    author = {Adler, Mark}
}

@online{gif_unusable_reason,
    title = {{Why There Are No GIF Files on GNU Web Pages}},
    year = {1997},
    urldate = {2024-05-16},
    url = {https://www.gnu.org/philosophy/gif.en.html}
}

@article{self,
    author = {Curmanschii, Anton},
    title = {Explorarea fișierelor {PNG}},
    journal = "Conferința Studențească, Ediția XXVIII-a, în tipar",
    year = 2024,
}
